<?xml version="1.0" encoding="UTF-8"?><collection xmlns="http://www.loc.gov/MARC21/slim"><record><leader>00327nam--2200121-i-4500</leader><controlfield tag="001">000038129</controlfield><controlfield tag="002">20161230</controlfield><controlfield tag="005">20161230201041</controlfield><controlfield tag="008">060222s1000------------r-----000-0-eng-d</controlfield><datafield ind1=" " ind2=" " tag="245"><subfield code="a">Reactor of the world</subfield></datafield><datafield ind1=" " ind2=" " tag="260"><subfield code="a">London, Temple Press Ltd.,1961. 28 P</subfield></datafield><datafield ind1=" " ind2=" " tag="490"><subfield code="a">Published In Association With Nuclear Engineering</subfield></datafield><datafield ind1=" " ind2=" " tag="852"><subfield code="a">14129</subfield></datafield></record></collection>